
@misc{pixillicaRV64X,
  title        = "RISC-V Graphics",
  author       = "{Zafar, A and Radochonski, W and Siret, N}",
  howpublished = "\url{https://www.pixilica.com/graphics}",
  note         = "Accessed: 25/01/2022"
}
@article{FGPU,
    author = "Al Kadi, Muhammed and Janssen, Benedikt and Huebner, Michael",
    year = {2016},
    month = {02},
    pages = {254-263},
    title = "FGPU: An SIMT-Architecture for FPGAs",
    isbn = {N 978-1-4503-3856-1},
    doi = {10.1145/2847263.2847273}
}
@article{PipelineRegistrationOnGPU,
author = {Vetter, Christoph and Guetter, Christoph and Xu, Chenyang and Westermann, R},
year = {2007},
month = {03},
pages = {},
title = {Non-rigid multi-modal registration on the GPU},
journal = {Proc SPIE}
}
@techreport{RVISAManualVol1,
  title       = "The RISC-V Instruction Set Manual, Volume I: Unprivileged ISA",
  author      = "Waterman, Andrew and Asanovic, Krste and SiFive Inc",
  institution = "SiFive Inc., University of California, Berkeley",
  address     = "CS Division, EECS Department, University of California, Berkeley",
  number      = "20191213",
  year        = 2019,
  month       = 12
}

@techreport{RVISAManualVol2,
  title       = "The RISC-V Instruction Set Manual Volume II: Privileged",
  author      = "Waterman, Andrew and Asanovic, Krste and Lee, Yunsup and Avizienis, Rimas and Patterson, David",
  institution = "University of California, Berkeley",
  address     = "CS Division, EECS Department, University of California, Berkeley",
  number      = " UCB/EECS-2016-161",
  year        = 2016,
  month       = 11
}
@misc{plyFormat,
  title        = "PLY - Polygon File Format",
  author       = "{Paul Bourke}",
  howpublished = "\url{http://paulbourke.net/dataformats/ply/}",
  note         = "Accessed: 25/01/2022"
}
@misc{quaternions,
  author   = "Shoemake, Ken",
  title    = "Quaternions",
  howpublished = "\url{https://nilesjohnson.net/hopf-articles/Shoemake_quatut.pdf}",
  note         = "Accessed: 25/01/2022"
}

@misc{homoCoord,
  title        = "Explaining Homogeneous Coordinates & Projective Geometry",
  author       = "{Dalling, Tom}",
  howpublished = "\url{https://www.tomdalling.com/blog/modern-opengl/explaining-homogenous-coordinates-and-projective-geometry/}",
  note         = "Accessed: 25/01/2022"
}
@misc{embarassinglyParallel,
  title        = "Embarrassingly Parallel Algorithms",
  author       = "{Vrajitoru, Dana}",
  howpublished = "\url{https://www.cs.iusb.edu/~danav/teach/b424/b424_23_embpar.html}",
  note         = "Accessed: 25/01/2022"
}
@techreport{OpenGLSpec,
  title       = "The OpenGL Graphics System, A Specification",
  author      = "Segal, Mark and Akeley, Kurt",
  institution = "The Khronos Group Inc.",
  address     = "#45043, 9450 SW Gemini Dr, Beaverton, OR 97008, United States",
  year        = 2019,
  month       = 10
}

@article{PinedaEdgeEquation,
  author   = "Pineda, Juan",
  title    = "A Parallel Algorithm for Polygon Rasterization ",
  journal  = "Computer Graphics",
  year     = 1988,
  volume   = "22",
  number   = "4",
  pages    = "17--20",
}

@article{McCormackTraversal,
    author = {McCormack, Joel and McNamara, Robert},
    year = {2000},
    month = {01},
    pages = {15-21},
    title = {Tiled polygon traversal using half-plane edge functions},
    isbn = {1-58113-257-3},
    doi = {10.1145/346876.346882}
}

@misc{gouraudvsphong,
  title        = "Gouraud Shading Vs Phong Shading: What Is The Difference?",
  author       = "{viva}",
  howpublished = "\url{https://vivadifferences.com/difference-between-gouraud-shading-and-phong-shading/}",
  note         = "Accessed: 25/01/2022"
}
@misc{ScratchPixelRasterStage,
  title        = "Rasterization: a Practical Implementation, The Rasterization Stage",
  author       = "{scratchapixel}",
  howpublished = "\url{https://www.scratchapixel.com/lessons/3d-basic-rendering/rasterization-practical-implementation/rasterization-stage}",
  note         = "Accessed: 25/01/2022"
}
@misc{aaDiagram,
  title        = "anti-aliasing",
  author       = "{Ugur Catak}",
  howpublished = "\url{https://www.definition.net/define/anti-aliasing}",
  note         = "Accessed: 25/01/2022"
}
@misc{jaggiesExplanation,
  title        = "Jaggies Definition",
  author       = "{techopedia}",
  howpublished = "\url{https://www.techopedia.com/definition/2011/jaggies}",
  note         = "Accessed: 25/01/2022"
}
@misc{EDIDExplanation,
  title        = "Understanding EDID - Extended Display Identification Data",
  author       = "{Extron}",
  howpublished = "\url{https://www.extron.com/article/uedid}",
  note         = "Accessed: 25/01/2022"
}
@misc{trianglesInGraphics,
  title        = "About Polygon Meshes",
  author       = "{WayBackMachine}",
  howpublished = "\url{https://web.archive.org/web/20180329092515/http://softimage.wiki.softimage.com:80/xsidocs/poly_basic_PolygonMeshes.htm}",
  note         = "Accessed: 25/01/2022"
}

@article{AcceleratedHalfSpaceRaster,
    author = {Mileff, Peter and Nehéz, Károly and Dudra, Judit},
    year = {2015},
    month = {12},
    pages = {2015-217},
    title = {Accelerated Half-Space Triangle Rasterization},
    volume = {12},
    journal = {Acta Polytechnica Hungarica},
    doi = {10.12700/APH.12.7.2015.7.13}
}

@techreport{Asanovic-EECS-2016-17,
    Author = {Asanović, Krste and Avizienis, Rimas and Bachrach, Jonathan and Beamer, Scott and Biancolin, David and Celio, Christopher and Cook, Henry and Dabbelt, Daniel and Hauser, John and Izraelevitz, Adam and Karandikar, Sagar and Keller, Ben and Kim, Donggyu and Koenig, John and Lee, Yunsup and Love, Eric and Maas, Martin and Magyar, Albert and Mao, Howard and Moreto, Miquel and Ou, Albert and Patterson, David A. and Richards, Brian and Schmidt, Colin and Twigg, Stephen and Vo, Huy and Waterman, Andrew},
    Title = {The Rocket Chip Generator},
    Institution = {EECS Department, University of California, Berkeley},
    Year = {2016},
    Month = {Apr},
    URL = {http://www2.eecs.berkeley.edu/Pubs/TechRpts/2016/EECS-2016-17.html},
    Number = {UCB/EECS-2016-17},
}

@article{zhaosonicboom,
  title={SonicBOOM: The 3rd Generation Berkeley Out-of-Order Machine},
  author={Zhao, Jerry and Korpan, Ben and Gonzalez, Abraham and Asanovic, Krste},
  booktitle={Fourth Workshop on Computer Architecture Research with RISC-V},
  year={2020},
  month={May}
}
@article{chipyard,
  author={Amid, Alon and Biancolin, David and Gonzalez, Abraham and Grubb, Daniel and Karandikar, Sagar and Liew, Harrison and Magyar,   Albert and Mao, Howard and Ou, Albert and Pemberton, Nathan and Rigge, Paul and Schmidt, Colin and Wright, John and Zhao, Jerry and Shao, Yakun Sophia and Asanovi\'{c}, Krste and Nikoli\'{c}, Borivoje},
  journal={IEEE Micro},
  title={Chipyard: Integrated Design, Simulation, and Implementation Framework for Custom SoCs},
  year={2020},
  volume={40},
  number={4},
  pages={10-21},
  doi={10.1109/MM.2020.2996616},
  ISSN={1937-4143},
}

@misc{nolting22,
  author       = {Nolting, S. and ...},
  title        = {The NEORV32 RISC-V Processor},
  year         = {2022},
  publisher    = {GitHub},
  journal      = {GitHub repository},
  howpublished = {\url{https://github.com/stnolting/neorv32}},
  note         = "Accessed: 25/01/2022"
}

@misc{ibex,
  author       = {Bradbury, A. and ...},
  title        = {Ibex RISC-V Core},
  year         = {2022},
  publisher    = {GitHub},
  journal      = {GitHub repository},
  howpublished = {\url{https://github.com/wyvernSemi/riscV}},
  note         = "Accessed: 25/01/2022"
}
@misc{wyvernsemiriscV,
  author       = {Southwell, Simon},
  title        = {riscV},
  year         = {2022},
  publisher    = {GitHub},
  journal      = {GitHub repository},
  howpublished = {\url{https://github.com/lowRISC/ibex}},
  note         = "Accessed: 25/01/2022"
}



% https://intranet.ee.ic.ac.uk/t.clarke/projects/general/Project%20Guide.pdf

% https://www.extron.com/article/uedid
% http://www.sunshine2k.de/coding/java/TriangleRasterization/TriangleRasterization.html
% http://paulbourke.net/dataformats/ply/

%Read these bad boys, seems interesting
%https://citeseerx.ist.psu.edu/viewdoc/download?doi=10.1.1.294.9735&rep=rep1&type=pdf
% https://www.researchgate.net/publication/286441992_Accelerated_Half-Space_Triangle_Rasterization

